%bibtex entries

@inproceedings{Servant,
 author = {Servant, Francisco and Jones, James A.},
 title = {History Slicing: Assisting Code-evolution Tasks},
 booktitle = {Proceedings of the ACM SIGSOFT 20th International Symposium on the Foundations of Software Engineering},
 series = {FSE '12},
 year = {2012},
 isbn = {978-1-4503-1614-9},
 location = {Cary, North Carolina},
 pages = {43:1--43:11},
 articleno = {43},
 numpages = {11},
 url = {http://doi.acm.org/10.1145/2393596.2393646},
 doi = {10.1145/2393596.2393646},
 acmid = {2393646},
 publisher = {ACM},
 address = {New York, NY, USA},
 keywords = {mining software repositories, program comprehension, software evolution, software visualization},
}
